@ARTICLE{Grossi2017,
  title     = "Electrical impedance spectroscopy ({EIS}) for biological
               analysis and food characterization: a review",
  author    = "Grossi, Marco and Ricc{\`o}, Bruno",
  journal   = "J. Sens. Sens. Syst.",
  publisher = "Copernicus GmbH",
  volume    =  6,
  number    =  2,
  pages     = "303--325",
  month     =  aug,
  year      =  2017,
  language  = "en"
}

@ARTICLE{Wegener1999,
  title    = "Use of electrochemical impedance measurements to monitor
              beta-adrenergic stimulation of bovine aortic endothelial cells",
  author   = "Wegener, J and Zink, S and R{\"o}sen, P and Galla, H",
  journal  = "Pflugers Arch.",
  volume   =  437,
  number   =  6,
  pages    = "925--934",
  month    =  may,
  year     =  1999,
  language = "en"
}

@MISC{AppliedBiophysics,
  title        = "What is {ECIS}? - Applied {BioPhysics}",
  howpublished = "\url{https://www.biophysics.com/whatIsECIS.php}",
  note         = "Accessed: 2022-7-20",
  language     = "en"
}

@INPROCEEDINGS{Rajabzadeh2019EIS,
  title           = "A 24-ch. Multi-electrode array allowing fast {EIS} to
                     determine transepithelial electrical resistance",
  booktitle       = "2019 {IEEE} Biomedical Circuits and Systems Conference
                     ({BioCAS})",
  author          = "Rajabzadeh, M and Ungethuem, J and Herkle, A and Schilpp,
                     C and Fauler, M and Wittekindt, O and Ortmanns, M",
  publisher       = "IEEE",
  month           =  oct,
  year            =  2019,
  copyright       = "https://ieeexplore.ieee.org/Xplorehelp/downloads/license-information/IEEE.html",
  conference      = "2019 IEEE Biomedical Circuits and Systems Conference
                     (BioCAS)",
  location        = "Nara, Japan"
}

@MISC{GamryElectrodes,
  howpublished = "\url{https://www.gamry.com/application-notes/instrumentation/two-three-and-four-electrode-experiments/}",
  note         = "[Accessed: 2022-7-20]"
}

@ARTICLE{Grossi2009,
  title     = "Total bacterial count in soft-frozen dairy products by impedance
               biosensor system",
  author    = "Grossi, Marco and Pompei, Anna and Lanzoni, Massimo and
               Lazzarini, Roberto and Matteuzzi, Diego and Ricco, Bruno",
  journal   = "IEEE Sens. J.",
  publisher = "Institute of Electrical and Electronics Engineers (IEEE)",
  volume    =  9,
  number    =  10,
  pages     = "1270--1276",
  month     =  oct,
  year      =  2009
}

@misc{gamryBasicsEIS,
	title = {{B}asics of {E}{I}{S}: {E}lectrochemical {R}esearch-{I}mpedance {G}amry {I}nstruments --- gamry.com},
	howpublished = {\url{https://www.gamry.com/application-notes/EIS/basics-of-electrochemical-impedance-spectroscopy/}},
	note = {[Accessed 20-Jul-2022]},
}

@ARTICLE{Chowdhury2017,
  title     = "Design and development of microcontroller based instrumentation
               for studying complex bioelectrical impedance of fruits using
               electrical impedance spectroscopy",
  author    = "Chowdhury, A and Datta, S and Bera, Tushar K and Ghoshal, D and
               Chakraborty, Badal",
  journal   = "J. Food Process Eng.",
  publisher = "Wiley",
  volume    =  41,
  number    =  1,
  pages     = "e12640",
  month     =  feb,
  year      =  2018,
  copyright = "http://onlinelibrary.wiley.com/termsAndConditions\#vor",
  language  = "en"
}

@ARTICLE{Kargupta2018,
  title     = "Detection by death: A rapid way to detect viable slow-growing
               microorganisms achieved using microchannel Electrical Impedance
               Spectroscopy ({m-EIS})",
  author    = "Kargupta, Roli and Yang, Yongqiang and Puttaswamy, Sachidevi and
               Lee, Aiden J and Padilla, Nicholas A and Foutch, Alec P and
               Sengupta, Shramik",
  journal   = "Technology",
  publisher = "World Scientific Pub Co Pte Lt",
  volume    =  06,
  number    =  01,
  pages     = "24--35",
  month     =  mar,
  year      =  2018,
  language  = "en"
}

@INPROCEEDINGS{Rajabzadeh2019Signals,
  title           = "An evaluation study of various excitation signals for
                     electrical impedance spectroscopy",
  booktitle       = "2019 {IEEE} International Symposium on Circuits and
                     Systems ({ISCAS})",
  author          = "Rajabzadeh, Mahdi and Ungethuem, Jonathan and Mandry,
                     Holger and Schilpp, Carolin and Wittekindt, Oliver and
                     Ortmanns, Maurits",
  publisher       = "IEEE",
  month           =  may,
  year            =  2019,
  copyright       = "https://ieeexplore.ieee.org/Xplorehelp/downloads/license-information/IEEE.html",
  conference      = "2019 IEEE International Symposium on Circuits and Systems
                     (ISCAS)",
  location        = "Sapporo, Japan"
}

@ARTICLE{Sawhney2019,
  title     = "{POISED-5}, a portable on-board electrochemical impedance
               spectroscopy biomarker analysis device",
  author    = "Sawhney, M Anne and Conlan, R S",
  journal   = "Biomed. Microdevices",
  publisher = "Springer Science and Business Media LLC",
  volume    =  21,
  number    =  3,
  pages     = "70",
  month     =  jul,
  year      =  2019,
  keywords  = "EIS; POISED-5; Point-of-care",
  copyright = "https://creativecommons.org/licenses/by/4.0",
  language  = "en"
}

@ARTICLE{Opitz2019,
  title     = "Rapid determination of general cell status, cell viability, and
               optimal harvest time in eukaryotic cell cultures by impedance
               flow cytometry",
  author    = "Opitz, Christian and Schade, Grit and Kaufmann, Silvan and Di
               Berardino, Marco and Ottiger, Marcel and Grzesiek, Stephan",
  journal   = "Appl. Microbiol. Biotechnol.",
  publisher = "Springer Science and Business Media LLC",
  volume    =  103,
  number    =  20,
  pages     = "8619--8629",
  month     =  oct,
  year      =  2019,
  keywords  = "Bioprocessing; Cell density; Fermentation; Insect cells;
               Label-free; Microfluidics; Recombinant expression; Single cell;
               Viability; Yeast",
  language  = "en"
}

@ARTICLE{Lei2014,
  title     = "Review on impedance detection of cellular responses in
               micro/nano environment",
  author    = "Lei, Kin",
  journal   = "Micromachines (Basel)",
  publisher = "MDPI AG",
  volume    =  5,
  number    =  1,
  pages     = "1--12",
  month     =  jan,
  year      =  2014
}

@ARTICLE{Sylvain2018,
  title     = "The {EcoChip}: A wireless multi-sensor platform for
               comprehensive environmental monitoring",
  author    = "Sylvain, Matthieu and Lehoux, Francis and Morency, Steeve and
               Faucher, Felix and Bharucha, Eric and Tremblay, Denise M and
               Raymond, Frederic and Sarrazin, Denis and Moineau, Sylvain and
               Allard, Michel and Corbeil, Jacques and Messaddeq, Younes and
               Gosselin, Benoit",
  journal   = "IEEE Trans. Biomed. Circuits Syst.",
  publisher = "Institute of Electrical and Electronics Engineers (IEEE)",
  volume    =  12,
  number    =  6,
  pages     = "1289--1300",
  month     =  dec,
  year      =  2018,
  copyright = "https://ieeexplore.ieee.org/Xplorehelp/downloads/license-information/IEEE.html",
  language  = "en"
}

@ARTICLE{Chabowski2015,
  title     = "Simple wide frequency range impedance meter based on {AD5933}
               integrated circuit",
  author    = "Chabowski, Konrad and Piasecki, Tomasz and Dzierka, Andrzej and
               Nitsch, Karol",
  journal   = "Metrol. Meas. Syst.",
  publisher = "Walter de Gruyter GmbH",
  volume    =  22,
  number    =  1,
  pages     = "13--24",
  month     =  mar,
  year      =  2015
}

@article{grossi2019electrical,
  title={Electrical Impedance Spectroscopy (EIS) characterization of saline solutions with a low-cost portable measurement system},
  author={Grossi, Marco and Parolin, Carola and Vitali, Beatrice and Ricc{\`o}, Bruno},
  journal={Engineering Science and Technology, an International Journal},
  volume={22},
  number={1},
  pages={102--108},
  year={2019},
  publisher={Elsevier}
}


@INPROCEEDINGS{Al-Ali2017,
  title           = "Design of a portable low-cost impedance analyzer",
  booktitle       = "Proceedings of the 10th International Joint Conference on
                     Biomedical Engineering Systems and Technologies",
  author          = "Al-Ali, Abdulwadood and Elwakil, Ahmed and Ahmad,
                     Abdelaziz and Maundy, Brent",
  publisher       = "SCITEPRESS - Science and Technology Publications",
  year            =  2017,
  conference      = "10th International Conference on Biomedical Electronics
                     and Devices",
  location        = "Porto, Portugal"
}

@MISC{AD5933-documentation,
  title        = "AD5933 Technical documentation",
  howpublished = "\url{https://www.analog.com/media/en/technical-documentation/data-sheets/AD5933.pdf}",
  note         = "[Accessed: 20-07-2022]"
}

@book{turner1987biosensors,
  title={Biosensors: fundamentals and applications},
  author={Turner, Anthony and Karube, Isao and Wilson, George S},
  year={1987},
  publisher={Oxford university press}
}

@ARTICLE{Kim2019,
  title     = "Wearable biosensors for healthcare monitoring",
  author    = "Kim, Jayoung and Campbell, Alan S and de {\'A}vila, Berta
               Esteban-Fern{\'a}ndez and Wang, Joseph",
  journal   = "Nat. Biotechnol.",
  publisher = "Springer Science and Business Media LLC",
  volume    =  37,
  number    =  4,
  pages     = "389--406",
  month     =  apr,
  year      =  2019,
  language  = "en"
}

@ARTICLE{Maas2018,
  title     = "Evaluating nonlinear impedance excitation as detection method
               for biosensors",
  author    = "Maas, Michael and Brischwein, Martin and Los, Przemyslaw and
               Perold, Willem and Dicks, Leon",
  journal   = "IEEE Trans. Nanotechnol.",
  publisher = "Institute of Electrical and Electronics Engineers (IEEE)",
  volume    =  17,
  number    =  5,
  pages     = "1069--1076",
  month     =  sep,
  year      =  2018,
  copyright = "https://ieeexplore.ieee.org/Xplorehelp/downloads/license-information/IEEE.html"
}

@MISC{Hackuarium,
  howpublished = "\url{http://wiki.hackuarium.ch/images/0/09/Bacterial_counts.pdf}",
  note         = "[Accessed: 2022-7-20]"
}

@ARTICLE{Choi2009,
  title   = "Solid-medium-integrated impedimetric biosensor for real-time
             monitoring of microorganisms, Sensor",
  author  = "Choi, A and Park, J S",
  journal = "Sensor. Actuat. B-Chem",
  volume  =  137,
  pages   = "357--362",
  year    =  2009
}

@ARTICLE{Schwan1963,
  title     = "Electric characteristics of tissues",
  author    = "Schwan, Herman P",
  journal   = "Radiat. Environ. Biophys.",
  publisher = "Springer Nature",
  volume    =  1,
  number    =  3,
  pages     = "198--208",
  month     =  sep,
  year      =  1963,
  language  = "en"
}

@BOOK{Hasted1973,
  title     = "Aqueous dielectrics. London: Chapman and Hall [Distributed in
               the {U}",
  author    = "Hasted, J",
  publisher = "S.A. by Halsted Press, a division of J. Wiley \& Sons",
  year      =  1973,
  address   = "New York"
}

@ARTICLE{Sun2010,
  title     = "Single-cell microfluidic impedance cytometry: a review",
  author    = "Sun, Tao and Morgan, Hywel",
  journal   = "Microfluid. Nanofluidics",
  publisher = "Springer Science and Business Media LLC",
  volume    =  8,
  number    =  4,
  pages     = "423--443",
  month     =  apr,
  year      =  2010,
  language  = "en"
}

@ARTICLE{Gawad2004,
  title     = "Dielectric spectroscopy in a micromachined flow cytometer:
               theoretical and practical considerations",
  author    = "Gawad, Shady and Cheung, Karen and Seger, Urban and Bertsch,
               Arnaud and Renaud, Philippe",
  journal   = "Lab Chip",
  publisher = "Royal Society of Chemistry (RSC)",
  volume    =  4,
  number    =  3,
  pages     = "241--251",
  month     =  jun,
  year      =  2004,
  language  = "en"
}

@MISC{AirBubbles,
  title     = "Air bubbles and microfluidics",
  author   = "Elveflow",
  publisher = "Elvesys",
  month     =  feb,
  howpublished = "\url{https://www.elveflow.com/microfluidic-reviews/general-microfluidics/air-bubbles-and-microfluidics/}",
  year      =  2021,
  keywords  = "air bubbles; microfluidics",
  language  = "en"
}

@ARTICLE{Olanrewaju2018,
  title    = "Capillary microfluidics in microchannels: from microfluidic
              networks to capillaric circuits",
  author   = "Olanrewaju, Ayokunle and Beaugrand, Ma{\"\i}wenn and Yafia,
              Mohamed and Juncker, David",
  journal  = "Lab Chip",
  volume   =  18,
  number   =  16,
  pages    = "2323--2347",
  month    =  aug,
  year     =  2018,
  language = "en"
}

@MISC{Ufluidix,
  title        = "Bubbles in microfluidics: How they form and how to avoid them",
  booktitle    = "The {MicroFluidic} Circle",
  publisher    = "The Microfluidix Circle",
  month        =  sep,
  year         =  2019,
  howpublished = "\url{https://www.ufluidix.com/circle/bubbles-in-microfluidics-how-they-form-and-how-to-avoid-them/}",
  note         = "[Accessed: 2022-7-20]",
  language     = "en"
}

@ARTICLE{Zimmermann2007,
  title     = "Capillary pumps for autonomous capillary systems",
  author    = "Zimmermann, Martin and Schmid, Heinz and Hunziker, Patrick and
               Delamarche, Emmanuel",
  journal   = "Lab Chip",
  publisher = "Royal Society of Chemistry (RSC)",
  volume    =  7,
  number    =  1,
  pages     = "119--125",
  year      =  2007,
  language  = "en"
}

@BOOK{bruus2011theoretical,
  title={Theoretical microfluidics. Reprinted with corr},
  author={Bruus, Henrik},
  year={2011},
  publisher={Oxford: Oxford Univ. Press (Oxford master series in physics Condensed matter~…}
}

@ARTICLE{Gong2017,
  title    = "Custom {3D} printer and resin for 18 $\mu$m $\times$ 20 $\mu$m
              microfluidic flow channels",
  author   = "Gong, Hua and Bickham, Bryce P and Woolley, Adam T and Nordin,
              Gregory P",
  journal  = "Lab Chip",
  volume   =  17,
  number   =  17,
  pages    = "2899--2909",
  month    =  aug,
  year     =  2017,
  language = "en"
}

@ARTICLE{Kang2010,
  title     = "A hemispherical microfluidic channel for the trapping and
               passive dissipation of microbubbles",
  author    = "Kang, Edward and Lee, Dae Ho and Kim, Chang-Beom and Yoo, Sung
               Ju and Lee, Sang-Hoon",
  journal   = "J. Micromech. Microeng.",
  publisher = "IOP Publishing",
  volume    =  20,
  number    =  4,
  pages     = "045009",
  month     =  apr,
  year      =  2010
}

@article{Trantidou2017,
  title={Hydrophilic surface modification of PDMS for droplet microfluidics using a simple, quick, and robust method via PVA deposition},
  author={Trantidou, Tatiana and Elani, Yuval and Parsons, Edward and Ces, Oscar},
  journal={Microsystems \& nanoengineering},
  volume={3},
  number={1},
  pages={1--9},
  year={2017},
  publisher={Nature Publishing Group}
}

@MISC{SyringePumps,
  title     = "Responsiveness in microfluidics: Syringe pumps and microfluidic research",
  author   = "Elveflow",
  publisher = "Elvesys",
  month     =  feb,
  year      =  2021,
  note         = "[Accessed: 2022-7-20]",
  howpublished = "\url{https://www.elveflow.com/microfluidic-reviews/general-microfluidics/responsiveness-in-microfluidics-syringe-pumps-and-microfluidic-research/}",
  language  = "en"
}

@ARTICLE{Cheung2010,
  title     = "Microfluidic impedance-based flow cytometry",
  author    = "Cheung, Karen C and Di Berardino, Marco and Schade-Kampmann,
               Grit and Hebeisen, Monika and Pierzchalski, Arkadiusz and Bocsi,
               Jozsef and Mittag, Anja and T{\'a}rnok, Attila",
  journal   = "Cytometry A",
  publisher = "Wiley",
  volume    =  77,
  number    =  7,
  pages     = "648--666",
  month     =  jul,
  year      =  2010,
  language  = "en"
}

@ARTICLE{Subhan2019,
  title     = "A harmonic error cancellation method for accurate clock-based
               electrochemical impedance spectroscopy",
  author    = "Subhan, Saqib and Ha, Sohmyung",
  journal   = "IEEE Trans. Biomed. Circuits Syst.",
  publisher = "Institute of Electrical and Electronics Engineers (IEEE)",
  volume    =  13,
  number    =  4,
  pages     = "710--724",
  month     =  aug,
  year      =  2019,
  copyright = "https://ieeexplore.ieee.org/Xplorehelp/downloads/license-information/IEEE.html"
}

@ARTICLE{Xu2016,
  title     = "A review of impedance measurements of whole cells",
  author    = "Xu, Youchun and Xie, Xinwu and Duan, Yong and Wang, Lei and
               Cheng, Zhen and Cheng, Jing",
  journal   = "Biosens. Bioelectron.",
  publisher = "Elsevier BV",
  volume    =  77,
  pages     = "824--836",
  month     =  mar,
  year      =  2016,
  language  = "en"
}

@ARTICLE{Carminati2017,
  title     = "Advances in high-resolution microscale impedance sensors",
  author    = "Carminati, Marco",
  journal   = "J. Sens.",
  publisher = "Hindawi Limited",
  volume    =  2017,
  pages     = "1--15",
  year      =  2017
}

@ARTICLE{De_Ninno2017,
  title    = "Coplanar electrode microfluidic chip enabling accurate sheathless
              impedance cytometry",
  author   = "De Ninno, Adele and Errico, Vito and Bertani, Francesca Romana
              and Businaro, Luca and Bisegna, Paolo and Caselli, Federica",
  journal  = "Lab Chip",
  volume   =  17,
  number   =  6,
  pages    = "1158--1166",
  month    =  mar,
  year     =  2017,
  language = "en"
}

@phdthesis{Khormazard2016,
  author       = "Khormazard, Nabovati and Ebrahim, M-Z Sawan", 
  title        = "A label free {CMOS-based} smart petri dish for cellular analysis",
  school       = {Polytechnique de Montr{\'e}al},
  year         = 2016,
  month        = 12
}

@ARTICLE{Caselli2010,
  title     = "{EIT-inspired} microfluidic cytometer for single-cell dielectric
               spectroscopy",
  author    = "Caselli, Federica and Bisegna, Paolo and Maceri, Franco",
  journal   = "J. Microelectromech. Syst.",
  publisher = "Institute of Electrical and Electronics Engineers (IEEE)",
  volume    =  19,
  number    =  5,
  pages     = "1029--1040",
  month     =  oct,
  year      =  2010,
  copyright = "https://ieeexplore.ieee.org/Xplorehelp/downloads/license-information/IEEE.html"
}

@ARTICLE{Jaffrin2008,
  title     = "Body fluid volumes measurements by impedance: A review of
               bioimpedance spectroscopy ({BIS}) and bioimpedance analysis
               ({BIA}) methods",
  author    = "Jaffrin, Michel Y and Morel, H{\'e}l{\`e}ne",
  journal   = "Med. Eng. Phys.",
  publisher = "Elsevier BV",
  volume    =  30,
  number    =  10,
  pages     = "1257--1269",
  month     =  dec,
  year      =  2008,
  language  = "en"
}

@article{McIntyre1996,
  title     = "Electrochemical impedance spectroscopy; a tool for organic
               coatings optimizations",
  author    = "McIntyre, John M and Pham, Ha Q",
  journal   = "Prog. Org. Coat.",
  publisher = "Elsevier BV",
  volume    =  27,
  number    = "1-4",
  pages     = "201--207",
  month     =  jan,
  year      =  1996,
  language  = "en"
}

@article{diard1998eis,
  title={EIS study of electrochemical battery discharge on constant load},
  author={Diard, J-P and Le Gorrec, B and Montella, C},
  journal={Journal of Power Sources},
  volume={70},
  number={1},
  pages={78--84},
  year={1998},
  publisher={Elsevier}
}

@article{Zhang2018,
  title     = "Distinguishing skin cancer cells and normal cells using
               electrical impedance spectroscopy",
  author    = "Zhang, Fan and Jin, Tongyu and Hu, Qingqing and He, Pingang",
  journal   = "J. Electroanal. Chem. (Lausanne Switz)",
  publisher = "Elsevier BV",
  volume    =  823,
  pages     = "531--536",
  month     =  aug,
  year      =  2018,
  language  = "en"
}

@MISC{Jorgesen2015,
  title        = "Top 7 ways to create a quadrature phase shift",
  booktitle    = "Marki Microwave {RF} \& Microwave",
  author       = "Jorgesen, Doug",
  month        =  apr,
  year         =  2015,
  howpublished = "\url{https://www.markimicrowave.com/blog/top-7-ways-to-create-a-quadrature-90-phase-shift/}",
  note         = "[Accessed: 2022-7-20]",
  language     = "en"
}

@article{Christoffel1867,
  title     = "Sul problema delle temperature stazionarie e la rappresentazione
               di una data superficie",
  author    = "Christoffel, E B",
  journal   = "Ann. Mat. Pura Appl. (4)",
  publisher = "Springer Science and Business Media LLC",
  volume    =  1,
  number    =  1,
  pages     = "89--103",
  month     =  dec,
  year      =  1867,
  language  = "it"
}

@article{Schwarz1869,
  title     = "Ueber einige Abbildungsaufgaben",
  author    = "Schwarz, H A",
  journal   = "J. Reine Angew. Math.",
  publisher = "Walter de Gruyter GmbH",
  volume    =  1869,
  number    =  70,
  pages     = "105--120",
  month     =  jan,
  year      =  1869
}

@article{Sun2007,
  title     = "Dielectric spectroscopy of single cells: time domain analysis
               using Maxwell's mixture equation",
  author    = "Sun, Tao and Gawad, Shady and Green, Nicolas G and Morgan, Hywel",
  journal   = "J. Phys. D Appl. Phys.",
  publisher = "IOP Publishing",
  volume    =  40,
  number    =  1,
  pages     = "1--8",
  month     =  dec,
  year      =  2006
}

@article{Atencia2005,
  title     = "Controlled microfluidic interfaces",
  author    = "Atencia, Javier and Beebe, David J",
  abstract  = "The microfabrication technologies of the semiconductor industry
               have made it possible to integrate increasingly complex
               electronic and mechanical functions, providing us with ever
               smaller, cheaper and smarter sensors and devices. These
               technologies have also spawned microfluidics systems for
               containing and controlling fluid at the micrometre scale, where
               the increasing importance of viscosity and surface tension
               profoundly affects fluid behaviour. It is this confluence of
               available microscale engineering and scale-dependence of fluid
               behaviour that has revolutionized our ability to precisely
               control fluid/fluid interfaces for use in fields ranging from
               materials processing and analytical chemistry to biology and
               medicine.",
  journal   = "Nature",
  publisher = "Springer Science and Business Media LLC",
  volume    =  437,
  number    =  7059,
  pages     = "648--655",
  month     =  sep,
  year      =  2005,
  language  = "en"
}

@article{Sneath1957,
  title     = "Some thoughts on bacterial classification",
  author    = "Sneath, P H",
  journal   = "J. Gen. Microbiol.",
  publisher = "Microbiology Society",
  volume    =  17,
  number    =  1,
  pages     = "184--200",
  month     =  aug,
  year      =  1957,
  keywords  = "BACTERIA",
  language  = "en"
}

@article{Horve2020,
  title     = "Building upon current knowledge and techniques of indoor
               microbiology to construct the next era of theory into
               microorganisms, health, and the built environment",
  author    = "Horve, Patrick F and Lloyd, Savanna and Mhuireach, Gwynne A and
               Dietz, Leslie and Fretz, Mark and MacCrone, Georgia and Van Den
               Wymelenberg, Kevin and Ishaq, Suzanne L",
  journal   = "J. Expo. Sci. Environ. Epidemiol.",
  publisher = "Springer Science and Business Media LLC",
  volume    =  30,
  number    =  2,
  pages     = "219--235",
  month     =  mar,
  year      =  2020,
  keywords  = "Biomonitoring; Dermal exposure; Disease; Environmental
               monitoring; Epidemiology; Personal exposure",
  language  = "en"
}

@article{Xu2006,
  title     = "Microbial ecology in the age of genomics and metagenomics:
               concepts, tools, and recent advances",
  author    = "Xu, Jianping",
  journal   = "Mol. Ecol.",
  publisher = "Wiley",
  volume    =  15,
  number    =  7,
  pages     = "1713--1731",
  month     =  jun,
  year      =  2006,
  language  = "en"
}

@INPROCEEDINGS{Kocanda2014,
  title           = "Structural differentiation of common bacteria using
                     impedance spectroscopy",
  booktitle       = "{IEEE} International Conference on {Electro/Information}
                     Technology",
  author          = "Kocanda, Martin and Lipton, Stewart and Oppegard, Shawn
                     and Elsawa, Sherine F and Abdel-Motaleb, Ibrahim and Liu,
                     Lichuan and Rajashankar, Suma and Korampally, Venu and
                     Roberts, Anthony and Fritz, Colin",
  publisher       = "IEEE",
  month           =  jun,
  year            =  2014,
  conference      = "2014 IEEE International Conference on Electro/Information
                     Technology (EIT)",
  location        = "Milwaukee, WI, USA"
}

@article{Nosenko2013,
  title     = "Deep metazoan phylogeny: when different genes tell different
               stories",
  author    = "Nosenko, Tetyana and Schreiber, Fabian and Adamska, Maja and
               Adamski, Marcin and Eitel, Michael and Hammel, J{\"o}rg and
               Maldonado, Manuel and M{\"u}ller, Werner E G and Nickel, Michael
               and Schierwater, Bernd and Vacelet, Jean and Wiens, Matthias and
               W{\"o}rheide, Gert",
  journal   = "Mol. Phylogenet. Evol.",
  publisher = "Elsevier BV",
  volume    =  67,
  number    =  1,
  pages     = "223--233",
  month     =  apr,
  year      =  2013,
  language  = "en"
}

@article{Hutchins2019,
  title     = "Climate change microbiology - problems and perspectives",
  author    = "Hutchins, David A and Jansson, Janet K and Remais, Justin V and  Rich, Virginia I and Singh, Brajesh K and Trivedi, Pankaj",
  journal   = "Nat. Rev. Microbiol.",
  publisher = "Springer Science and Business Media LLC",
  volume    =  17,
  number    =  6,
  pages     = "391--396",
  month     =  jun,
  year      =  2019,
  language  = "en"
}

@article{asami2002characterization,
  title={Characterization of biological cells by dielectric spectroscopy},
  author={Asami, Koji},
  journal={Journal of Non-Crystalline Solids},
  volume={305},
  number={1-3},
  pages={268--277},
  year={2002},
  publisher={Elsevier}
}

@article{morgan2006single,
  title={Single cell dielectric spectroscopy},
  author={Morgan, Hywel and Sun, Tao and Holmes, David and Gawad, Shady and Green, Nicolas G},
  journal={Journal of Physics D: Applied Physics},
  volume={40},
  number={1},
  pages={61},
  year={2006},
  publisher={IOP Publishing}
}

@article{landon1936study,
  title={A study of the characteristics of noise},
  author={Landon, VD},
  journal={Proceedings of the Institute of Radio Engineers},
  volume={24},
  number={11},
  pages={1514--1521},
  year={1936},
  publisher={IEEE}
}

@article{reiss2008understanding,
  title={Understanding sigma-delta modulation: The solved and unsolved issues},
  author={Reiss, Joshua D},
  journal={Journal of the Audio Engineering Society},
  volume={56},
  number={1/2},
  pages={49--64},
  year={2008},
  publisher={Audio Engineering Society}
}

@book{leHuy2004circuits,
  title={Circuits {\'e}lectriques},
  author={Le-Huy, Hoang},
  year={2004},
  publisher={Presses Universit{\'e} Laval}
}

@article{grahame1947electrical,
  title={The electrical double layer and the theory of electrocapillarity.},
  author={Grahame, David C},
  journal={Chemical reviews},
  volume={41},
  number={3},
  pages={441--501},
  year={1947},
  publisher={ACS Publications}
}

@Article{Randles1947,
author ="Randles, J. E. B.",
title  ="Kinetics of rapid electrode reactions",
journal  ="Discuss. Faraday Soc.",
year  ="1947",
volume  ="1",
issue  ="0",
pages  ="11-19",
publisher  ="The Royal Society of Chemistry",
doi  ="10.1039/DF9470100011",
url  ="http://dx.doi.org/10.1039/DF9470100011",
abstract  =""}

@article{ramaley1969theory,
  title={Theory of square wave voltammetry},
  author={Ramaley, Louis and Krause, Matthew S},
  journal={Analytical Chemistry},
  volume={41},
  number={11},
  pages={1362--1365},
  year={1969},
  publisher={ACS Publications}
}

@article{cowan1956ordnung,
  title={" ORDNUNG IN DAS CHAOS" MIGULA},
  author={Cowan, ST},
  journal={Canadian Journal of Microbiology},
  volume={2},
  number={3},
  pages={212--219},
  year={1956},
  publisher={NRC Research Press Ottawa, Canada}
}

@article{kapli2020phylogenetic,
  title={Phylogenetic tree building in the genomic age},
  author={Kapli, Paschalia and Yang, Ziheng and Telford, Maximilian J},
  journal={Nature Reviews Genetics},
  volume={21},
  number={7},
  pages={428--444},
  year={2020},
  publisher={Nature Publishing Group}
}

@article{konstantinidis2005genomic,
  title={Genomic insights that advance the species definition for prokaryotes},
  author={Konstantinidis, Konstantinos T and Tiedje, James M},
  journal={Proceedings of the National Academy of Sciences},
  volume={102},
  number={7},
  pages={2567--2572},
  year={2005},
  publisher={National Acad Sciences}
}

@book{horowitz1989art,
  title={The art of electronics},
  author={Horowitz, Paul and Hill, Winfield and Robinson, Ian},
  volume={2},
  year={1989},
  publisher={Cambridge university press Cambridge}
}

@inproceedings{das2020ecochip,
  title={The EcoChip 2: An autonomous sensor platform for multimodal bio-environmental monitoring of the northern habitat},
  author={Das, P Sarati and Gagnon-Turcotte, Gabriel and Ouazaa, Karim and Bouzid, K and Hosseini, S Nazila and Bharucha, Eric and Tremblay, D and Moineau, Sylvain and Messaddeq, Youn{\`e}s and Corbeil, Jacques and others},
  booktitle={2020 42nd Annual International Conference of the IEEE Engineering in Medicine \& Biology Society (EMBC)},
  pages={4101--4104},
  year={2020},
  organization={IEEE}
}

@article{david2012viability,
  title={Viability and membrane potential analysis of Bacillus megaterium cells by impedance flow cytometry},
  author={David, F and Hebeisen, M and Schade, G and Franco-Lara, E and Di Berardino, M},
  journal={Biotechnology and Bioengineering},
  volume={109},
  number={2},
  pages={483--492},
  year={2012},
  publisher={Wiley Online Library}
}

@article{deblois1970counting,
  title={Counting and sizing of submicron particles by the resistive pulse technique},
  author={DeBlois, Ralph W and Bean, CP},
  journal={Review of Scientific Instruments},
  volume={41},
  number={7},
  pages={909--916},
  year={1970},
  publisher={American Institute of Physics}
}

@inproceedings{prakash2005cmos,
  title={A CMOS capacitance sensor that monitors cell viability},
  author={Prakash, Somashekar Bangalore and Abshire, Pamela},
  booktitle={SENSORS, 2005 IEEE},
  pages={4--pp},
  year={2005},
  organization={IEEE}
}

@inproceedings{coulter1956high,
  title={High speed automatic blood cell counter and cell size analyzer},
  author={Coulter, Wallace H},
  booktitle={Proceedings of the National Electronics Conference},
  volume={12},
  pages={1034},
  year={1956}
}

@book{lagerstrom1996laminar,
  title={Laminar flow theory},
  author={Lagerstrom, Paco Axel},
  year={1996},
  publisher={Princeton University Press}
}

@MISC{poole_2020,
  title     = "RF multiplication basics",
  author   = "Poole, Ian",
  journal={Electronics Notes},
  month     =  Sep,
  year      =  2020,
  note         = "[Accessed: 2022-7-20]",
  howpublished = "\url{https://www.electronics-notes.com/articles/radio/rf-mixer/rf-mixing-basics.php}",
  language  = "en"
}

@MISC{simscale_2021,
  title     = "What is laminar flow?",
  journal={SimScale},
  month     =  Sep,
  year      =  2021,
  note         = "[Accessed: 2022-7-20]",
  howpublished = "\url{https://www.simscale.com/docs/simwiki/cfd-computational-fluid-dynamics/what-is-laminar-flow/}",
  language  = "en"
}
 
@MISC{surfacewettability,
  title     = "Surface Wettability",
  journal={Surface Wettability | Institute of Interfacial Process Engineering and Plasma Technology | University of Stuttgart},
  note         = "[Accessed: 2022-7-20]",
  howpublished = "\url{https://www.igvp.uni-stuttgart.de/en/research/plasma-technology/processes/surface-wettability/}",
}
   
@article{sun2008analytical,
  title={Analytical and numerical modeling methods for impedance analysis of single cells on-chip},
  author={Sun, Tao and Green, Nicolas G and Morgan, Hywel},
  journal={Nano},
  volume={3},
  number={01},
  pages={55--63},
  year={2008},
  publisher={World Scientific}
}

@MISC{EDL_image,
  title     = "File:electrical double layer.svg",
  author   = "Poole, Ian",
  note         = "[Accessed: 2022-7-20]",
  howpublished = "\url{https://commons.wikimedia.org/wiki/File:Electrical_double_layer.svg}",
}

@MISC{FringingEffect,
  title     = "Analog - Technical articles - TI E2E support forums",
  note         = "[Accessed: 2022-7-20]",
  howpublished = "\url{https://e2e.ti.com/blogs_/b/analogwire/posts/what-are-you-sensing-capacitive-sensing-for-proximity-detection-and-more}",
}

@MISC{Cadworks3d,
  title     = "CADWorks3D",
  journal={Cadworks3d Support},
  note         = "[Accessed: 2022-7-20]",
  howpublished = "\url{https://cadworks3d.com/support/}",
}

@MISC{si5351datasheet,
  title     = "SI5351",
  journal={Si5351 Datasheet},
  note         = "[Accessed: 2022-7-20]",
  howpublished = "\url{https://cdn-shop.adafruit.com/datasheets/Si5351.pdf}",
}

@inproceedings{hosseini2021optimization,
  title={Optimization \& Characterization of Interdigitated Electrodes for Microbial Growth Monitoring},
  author={Hosseini, S Nazila and Das, P Sarati and Gagnon-Turcotte, Gabriel and Bl-George, P and Messaddeq, Youn{\`e}s and Corbeil, Jacques and Gosselin, Benoit},
  booktitle={2021 43rd Annual International Conference of the IEEE Engineering in Medicine \& Biology Society (EMBC)},
  pages={1226--1229},
  year={2021},
  organization={IEEE}
}

@article{petchakup2017advances,
  title={Advances in single cell impedance cytometry for biomedical applications},
  author={Petchakup, Chayakorn and Li, King Ho Holden and Hou, Han Wei},
  journal={Micromachines},
  volume={8},
  number={3},
  pages={87},
  year={2017},
  publisher={MDPI}
}

@article{caselli2018novel,
  title={A novel wiring scheme for standard chips enabling high-accuracy impedance cytometry},
  author={Caselli, Federica and De Ninno, Adele and Reale, Riccardo and Businaro, Luca and Bisegna, Paolo},
  journal={Sensors and Actuators B: Chemical},
  volume={256},
  pages={580--589},
  year={2018},
  publisher={Elsevier}
}

@article{stewart1899charges,
  title={The charges produced by the growth of bacteria in the molecular concentration and electrical conductivity of culture media},
  author={Stewart, George Neil},
  journal={The Journal of experimental medicine},
  volume={4},
  number={2},
  pages={235},
  year={1899},
  publisher={The Rockefeller University Press}
}

@article{wang2015bacterial,
  title={Bacterial growth, detachment and cell size control on polyethylene terephthalate surfaces},
  author={Wang, Liyun and Fan, Daming and Chen, Wei and Terentjev, Eugene M},
  journal={Scientific reports},
  volume={5},
  number={1},
  pages={1--11},
  year={2015},
  publisher={Nature Publishing Group}
}

@inproceedings{Bouzid2022NEWCAS,
  title={Portable Multi-Frequency Impedance-Sensing Device for Bacteria Classification in a Flowing Liquid},
  author={Bouzid, Karim and Das, Partha Sarati and Boudreau, Denis and Carrara, Sandro and Gosselin, Benoit},
  booktitle={2022 20th IEEE Interregional NEWCAS Conference (NEWCAS)},
  pages={514--518},
  year={2022},
  organization={IEEE},
  doi={10.1109/NEWCAS52662.2022.9841999}
}

@inproceedings{ratner2017snorkel,
  title={Snorkel: Rapid training data creation with weak supervision},
  author={Ratner, Alexander and Bach, Stephen H and Ehrenberg, Henry and Fries, Jason and Wu, Sen and R{\'e}, Christopher},
  booktitle={Proceedings of the VLDB Endowment. International Conference on Very Large Data Bases},
  volume={11},
  pages={269},
  year={2017},
  organization={NIH Public Access}
}